
@article{1407.6273,
      author         = "Craps, Ben and Evnin, Oleg and Vanhoof, Joris",
      title          = "{Renormalization group, secular term resummation and AdS
                        (in)stability}",
      journal        = "JHEP",
      volume         = "10",
      year           = "2014",
      pages          = "048",
      doi            = "10.1007/JHEP10(2014)048",
      eprint         = "1407.6273",
      archivePrefix  = "arXiv",
      primaryClass   = "gr-qc",
      SLACcitation   = "%%CITATION = ARXIV:1407.6273;%%"
}


@article{1508.04943,
      author         = "Craps, Ben and Evnin, Oleg and Vanhoof, Joris",
      title          = "{Ultraviolet asymptotics and singular dynamics of AdS
                        perturbations}",
      journal        = "JHEP",
      volume         = "10",
      year           = "2015",
      pages          = "079",
      doi            = "10.1007/JHEP10(2015)079",
      eprint         = "1508.04943",
      archivePrefix  = "arXiv",
      primaryClass   = "gr-qc",
      SLACcitation   = "%%CITATION = ARXIV:1508.04943;%%"
}

@article{1507.08261,
      author         = "Green, Stephen R. and Maillard, Antoine and Lehner, Luis
                        and Liebling, Steven L.",
      title          = "{Islands of stability and recurrence times in AdS}",
      journal        = "Phys. Rev.",
      volume         = "D92",
      year           = "2015",
      number         = "8",
      pages          = "084001",
      doi            = "10.1103/PhysRevD.92.084001",
      eprint         = "1507.08261",
      archivePrefix  = "arXiv",
      primaryClass   = "gr-qc",
      SLACcitation   = "%%CITATION = ARXIV:1507.08261;%%"
}
